4702 6075
1924 409 2034 488 11

1915 1632 2042 1733 11.

2871 1912 2894 1939 ἱ

243 2151 467 2308 Quo
540 2210 902 2279 faciliores
963 2224 1273 2281 tractatu
1344 2235 1461 2282 res
1531 2236 1780 2281 omnes
1847 2212 2187 2299 fuerunt,
2266 2212 2357 2278 de
2421 2212 2677 2303 quibus
2728 2212 2960 2302 priori
3010 2210 3224 2278 huius
3277 2208 3505 2277 libelli
3556 2218 3765 2298 parte
3813 2256 3818 2261 -

235 2373 648 2463 disputavi,
726 2396 949 2464 quum
1000 2385 1073 2441 et
1119 2373 1484 2463 singulae,
1563 2384 1637 2442 et
1686 2374 1865 2442 aliae
1916 2398 2083 2442 cum
2134 2375 2290 2442 aliis
2342 2375 2767 2442 coniunctae
2792 2424 2815 2460 ,
2890 2338 3282 2449 admodum
3331 2382 3546 2440 notae
3595 2369 3794 2454 sint‚.

239 2559 335 2602 eo
387 2536 808 2626 impeditior
857 2536 1096 2606 videri
1142 2546 1385 2626 potest
1432 2538 1797 2628 posterior
1823 2587 1844 2625 ‚
1940 2560 2083 2629 qua
2146 2537 2641 2605 narrationem
2712 2536 2804 2604 de
2859 2535 3293 2604 Sabinarum
3355 2543 3567 2622 raptu
3613 2553 3772 2623 my·-

230 2696 435 2763 thic'a
483 2708 683 2766 veste
734 2720 1054 2784 exuere5
1112 2699 1325 2790 eique
1375 2699 1794 2767 historicam
1846 2698 2154 2766 induere
2203 2700 2490 2789 cogito;
2541 2700 2643 2766 ita
2693 2697 3025 2790 quidem,
3097 2707 3181 2763 ut
3228 2705 3517 2786 raptum
3564 2693 3771 2761 illum

229 2871 609 2951 tamquam
660 2863 1018 2929 connubia
1086 2863 1593 2954 propositurus
1661 2863 1794 2929 sim
1821 2913 1844 2950 ,
1920 2884 2105 2953 quae
2178 2863 2372 2929 inter
2444 2884 2695 2929 omnes
2762 2860 3236 2950 antiquissimi
3302 2859 3463 2929 aevi
3525 2871 3772 2947 gentes

230 3022 580 3093 finitimas
631 3026 708 3092 in
757 3049 963 3094 more
1015 3027 1248 3117 posita
1307 3025 1652 3115 fuerunt,
1759 3037 1831 3095 et
1879 3026 2074 3096 unde
2125 3026 2497 3117 phratriae
2548 3027 2700 3095 sive
2753 3023 2997 3092 curiae
3047 3033 3208 3092 tum
3261 3032 3510 3110 ortae,
3613 3032 3773 3089 tum

231 3199 492 3256 auctae
546 3200 731 3256 sunt.
837 3189 928 3257 In
979 3191 1237 3282 quibus
1293 3191 1464 3281 ipsis
1492 3190 1990 3256 ‘matrimoniis
2055 3189 2323 3256 mutuis
2390 3211 2561 3255 sane
2629 3186 3003 3257 vinculum
3074 3189 3530 3278 cognoscitur
3596 3187 3775 3253 alia·

231 3373 413 3420 rum
488 3352 813 3441 gentium
884 3375 1048 3419 cum
1118 3351 1272 3419 aliis
1344 3352 1928 3448 iungendarum3
2050 3375 2192 3442 quo
2259 3352 2557 3420 tandem
2627 3352 2865 3440 magis
2941 3352 3309 3441 magisque
3381 3351 3770 3437 adstricto,

239 3514 590 3603 omnique
660 3513 934 3604 populo
1007 3512 1337 3583 civilibus
1424 3522 1497 3580 et
1565 3511 1917 3601 religiosis
1991 3511 2334 3579 institutis
2420 3536 2501 3579 ac
2572 3512 2911 3580 formulis
2985 3513 3380 3582 arctissime
3453 3513 3724 3582 sociato
3748 3564 3772 3599 ,

239 3674 571 3742 civitates
626 3687 827 3743 ortae
877 3685 1064 3741 sunt.

495 4000 739 4088 Quam
787 4000 907 4066 hic
958 4001 1048 4068 de
1097 4009 1314 4092 raptu
1381 4000 1512 4068 illo
1578 3999 2009 4068 sententiam
2072 4000 2403 4070 breviter
2449 3957 2773 4092 ’exposui
2795 4051 2819 4087 ‚
2908 4000 3428 4068 historicorum
3481 4001 3775 4091 quidem

234 4162 673 4230 testimoniis
720 4161 1038 4252 probare
1087 4169 1417 4253 nequ'e03
1489 4163 1832 4252 ‚multum
1880 4185 2057 4233 vero
2109 4164 2347 4252 abest,
2441 4175 2526 4230 ut
2576 4167 2735 4232 eam
2785 4164 2879 4231 ob
2931 4139 3776 4232 causam'commenficia

236 4324 583 4390 habenda
630 4324 770 4411 sit3
821 4323 1122 4416 fulcitur
1173 4326 1367 4393 enim
1415 4323 1776 4394 factorum
1827 4327 2322 4416 quorundam,
2377 4324 2639 4392 fabulis
2690 4325 3129 4412 mixtorum,
3201 4327 3769 4417 comparatione,

233 4485 441 4551 unde
492 4485 927 4552 narrationis
977 4485 1069 4552 de
1118 4487 1483 4575 virginum
1533 4497 1746 4577 raptu
1793 4509 2040 4554 sensus
2092 4488 2552 4578 intelligitur:
2630 4511 2814 4581 quae
2864 4469 3412 4580 argumentandi
3462 4491 3650 4557 ratio
3711 4491 3775 4556 si

237 4671 326 4715 ea
350 4698 375 4734 ,
455 4669 597 4738 qua
646 4647 863 4714 debet
889 4699 911 4733 ,
1007 4648 1650 4739 circumspectione
1680 4699 1700 4735 ,
1798 4670 2008 4737 cura,
2102 4661 2178 4716 et
2228 4649 2596 4739 diligentia
2643 4651 2873 4717 initur
2900 4701 2921 4739 ,
2975 4651 3492 4734 [remotissima
3540 4660 3774 4719 aetate

232 4810 526 4898 saepius
577 4807 731 4875 sola
779 4807 1052 4874 indicat
1098 4808 1291 4878 viam
1312 4858 1336 4895 ,
1392 4831 1534 4901 qua
1580 4809 1987 4899 primordia
2030 4781 2393 4879 societatis
2444 4767 2671 4881 civilis
2721 4813 3265 4903 investigentur.
3335 4812 3481 4880 Res
3533 4825 3776 4885 autem

227 4971 401 5037 illas
452 4969 829 5039 historicas
849 5018 872 5058 ‚
926 4991 1101 5061 quas
1153 4968 1487 5041 collectas
1539 4972 1999 5062 expositurus
2048 4995 2238 5062 sum,
2291 4975 2355 5042 si
2403 4996 2548 5042 una
2595 4977 3247 5068 comprehensione
3298 4976 3769 5069 complector,
