4702 6075
2693 389 2806 474 10

974 628 1217 717 'quum
1268 624 1360 690 ad
1409 622 1832 714 spectandos
1882 623 2016 691 hos
2066 622 2275 691 ludos
2326 612 2821 713 convenisset,
2897 628 3043 695 iam
3103 630 3354 719 primis
3403 632 3854 723 temporibus
3923 636 4277 706 curiatim
4345 641 4521 712 ‹livi-

987 813 1110 858 sus
1160 791 1300 858 suit
1340 786 1489 881 ³⁸),
1575 790 1954 878 vestigium
2025 790 2164 855 hoc
2235 799 2345 856 est
2410 788 2698 856 concilii
2762 789 3040 880 politici
3090 790 3482 880 antiquitus
3531 792 3763 859 habiti
3786 845 3807 880 ,
3884 798 4526 887 quodcertamino

990 947 1354 1046 equestria
1377 1004 1396 1042 ‚
1476 954 1551 1021 in
1620 952 1849 1022 divini
1896 951 2243 1043 praesidis
2296 950 2656 1018 honorem
2705 952 3033 1019 instituta
3061 1003 3083 1039 ‚
3189 964 3556 1045 tamquam
3625 957 4156 1027 oblectamenta
4223 924 4522 1055 sequuta

992 1119 1156 1186 sint.
1257 1116 1514 1210 Neque
1579 1117 1773 1185 enim
1835 1140 2137 1208 usquam
2206 1115 2516 1207 populus
2579 1114 2834 1206 aliquis
2897 1137 2987 1182 ex
3039 1116 3303 1184 ordine
3353 1118 3744 1186 curiarum
3793 1122 3910 1189 vel
3959 1126 4285 1212 gentium
4334 1151 4512 1195 con-

988 1291 1322 1372 gregatus
1376 1291 1521 1368 est,
1575 1280 1715 1347 nisi
1763 1280 1855 1345 ad
1901 1278 2309 1346 tractandas
2362 1301 2477 1345 res
2527 1279 2872 1369 publicas.
2973 1278 3086 1347 Ne
3136 1302 3315 1351 vero
3383 1282 3540 1372 quis
3596 1282 3933 1371 opinetur
3962 1335 3983 1371 ‚
4062 1286 4285 1354 dilabi
4331 1290 4515 1359 hano

989 1444 1688 1535 argumentationem
1742 1466 1832 1511 eo
1854 1493 1876 1531 ,
1971 1442 2167 1533 quod
2217 1441 2437 1509 curiis
2487 1444 2787 1509 nomina
2836 1443 3130 1512 demum
3180 1468 3222 1511 a
3268 1444 3668 1535 virginibus
3718 1448 3937 1536 raptis
3990 1448 4155 1516 data
4202 1452 4513 1519 tradun-

986 1620 1111 1677 tur
1150 1604 1258 1703 ³⁹)
1287 1658 1309 1695 ,
1364 1630 1504 1700 qua
1555 1607 1644 1674 de
1696 1630 1907 1675 causa
1956 1606 2326 1685 curiarum
2382 1605 2585 1696 origo
2635 1605 3118 1675 Consualibus
3166 1609 3534 1696 posterior
3581 1608 3809 1676 fuerit
3857 1621 4209 1700 oporteat.
4326 1614 4512 1702 Quis

987 1776 1182 1844 enim
1236 1785 1342 1843 est
1390 1771 1943 1859 historicorum,
1999 1769 2175 1862 quin
2222 1768 2507 1856 videat,
2564 1790 2682 1836 res
2733 1768 2812 1835 in
2846 1763 2996 1837 'hac
3044 1769 3464 1838 narratione
3487 1819 3508 1857 ‚
3564 1780 3648 1839 ut
3693 1771 4089 1840 sexcenties
4116 1824 4139 1863 ‚
4192 1776 4511 1868 mythico

979 1936 1209 2005 modo
1260 1936 1593 2006 confusas
1648 1931 1865 2004 esse?

1067 2257 1620 2338 38)D101‹vs.
1664 2256 1817 2318 Hal.
1856 2255 1984 2319 111.
2025 2257 2124 2318 68.

1068 2376 1196 2458 39)
1240 2373 1428 2434 L1v.
1470 2372 1525 2434 Ι.
1575 2375 1668 2433 13.

1227 2486 1602 2551 monus.
1645 2484 1797 2547 Hal.
1840 2483 1929 2546 11.
1971 2465 2115 2565 47.'
