4702 6075
129 2404 651 2537 Narrationis
676 2515 699 2555 ,
790 2465 884 2534 de
933 2484 1078 2558 qua
1126 2463 1507 2535 disseritur
1529 2512 1552 2553 ,
1624 2473 1868 2555 partes
1912 2459 2018 2558 ²⁴)
2091 2462 2155 2531 si
2200 2472 2360 2534 tum
2407 2459 2808 2529 accuratius
2860 2460 3362 2534 examinantur
3387 2511 3408 2548 ,
3500 2470 3659 2530 tum

125 2630 325 2697 inter
374 2652 534 2698 sese
558 2681 579 2717 ,
633 2639 848 2722 atque
897 2649 1064 2697 cum
1110 2627 1465 2697 similibus
1517 2625 1977 2698 Graecorum
1996 2678 2019 2716 ,
2077 2638 2629 2719 comparantur,
2702 2623 2899 2695 haud
2961 2622 3257 2696 difficile
3305 2623 3659 2715 intelligi-

130 2803 251 2858 tur
271 2841 295 2879 ‚
348 2788 836 2881 spectaculum
887 2791 1083 2859 istud
1128 2814 1283 2859 non
1330 2790 1450 2859 sui
1501 2789 1742 2882 ipsius
1794 2814 2066 2880 causa,
2146 2792 2285 2861 sed
2340 2791 2452 2862 ad
2494 2788 2976 2860 celebrandos
3013 2788 3348 2880 gentium
3374 2785 3659 2877 foede-

129 2964 477 3022 ratarum
541 2963 978 3041 conventus,
1058 2952 1470 3023 institutum
1533 2949 1790 3021 fuisse:
1902 2953 2095 3023 unde
2166 2955 2408 3023 omnia
2475 2952 2772 3022 omnino
2839 2950 3196 3023 eiusmodi
3261 2948 3660 3020 certamina

130 3125 295 3182 orta
340 3124 548 3204 sunt,
652 3137 835 3206 quae
897 3071 1248 3205 ternporis
1308 3134 1734 3204 progressu,
1843 3085 2067 3206 quuni
2126 3116 2451 3205 gentium
2506 3115 2587 3181 in
2638 3113 3110 3185 conventibus
3158 3112 3302 3180 illis
3354 3110 3657 3180 consilia

88 3261 91 3264 ¹
127 3277 538 3345 communia
585 3277 809 3368 magis
859 3279 1224 3368 magisque
1275 3276 1808 3346 obsolescerent
1823 3326 1846 3365 ,
1924 3276 2080 3345 sola
2128 3285 2681 3366 remanserunt3
2749 3275 2878 3381 ita,
2910 3285 2992 3342 ut
3012 3325 3033 3362 ‚
3089 3275 3286 3366 quod
3331 3276 3654 3366 primum

117 3459 251 3528 per
318 3439 560 3506 lusum
581 3488 604 3528 ‚
718 3448 795 3507 et
861 3437 1233 3506 occasione
1302 3437 1468 3506 data
1486 3486 1509 3526 ,
1627 3435 1899 3505 factum
1950 3448 2136 3508 esset
2156 3488 2180 3527 ‚
2301 3438 2596 3506 tandem
2663 3437 2828 3506 data
2917 3458 3141 3529 opera
3230 3446 3303 3505 et
3351 3436 3650 3528 proprie

119 3602 649 3674 institueretur.
751 3600 888 3669 Est
946 3600 1143 3669 enim
1202 3609 1411 3671 certo
1474 3599 1738 3670 certius
1757 3650 1779 3688 ,
1852 3607 2101 3690 gentes
2168 3596 2509 3669 finitimas
2534 3649 2554 3687 ‚
2637 3599 3058 3694 priusquam
3106 3600 3406 3668 arctiori
3459 3599 3650 3666 iuris

122 3763 404 3833 civium
449 3761 745 3833 vinculo
791 3771 1218 3831 tenerentur
1236 3812 1257 3849 ‚
1310 3759 1581 3854 ubique
1632 3761 1881 3830 latiori
1943 3761 2134 3830 iuris
2174 3763 2513 3852 gentium
2578 3763 2854 3830 iunctas
2919 3758 3165 3828 fuisse.
3268 3757 3377 3825 Ut
3421 3757 3649 3827 Athe-

116 3925 481 3994 niensium
504 3974 527 4012 ,
604 3924 1057 4016 aliorumque
1111 3922 1468 3991 Graeciae
1518 3923 1960 4014 populorum
2009 3935 2275 3992 statum
2325 3923 2615 3996 civilem
2661 3923 2884 4013 primi
2930 3915 3279 4012 temporis
3330 3919 3640 4007 mittam,

119 4086 209 4153 de
262 4085 637 4154 Romanae
688 4095 961 4151 tantum
1012 4083 1454 4175 reipublicae
1505 4040 1939 4176 primordiis·
1973 4086 2115 4154 hoc
2167 4082 2396 4153 affero
2417 4134 2440 4172 ,
2531 4084 2768 4176 quod,
2843 4083 3019 4151 dum
3067 4083 3219 4150 eius
3271 4079 3512 4149 forma
3559 4102 3645 4149 ea

118 4248 538 4336 obtinebat,
592 4267 810 4338 quam
862 4242 1161 4314 Romuli
1207 4247 1503 4315 nomine
1551 4246 1967 4339 designant,
2024 4247 2268 4315 curiae
2316 4246 2643 4315 nondum
2689 4245 2858 4315 foco
2908 4244 3276 4314 communi
3325 4264 3641 4334 congre-

144 4565 157 4574 ⁶
189 4566 323 4643 24)
367 4565 555 4630 L1v.
595 4565 651 4630 Ι.
695 4585 751 4648 9.

361 4677 745 4742 Dlost.
787 4675 940 4741 Hal.
984 4676 1038 4741 1.
1082 4682 1179 4743 33.
1224 4678 1315 4743 ΙΙ.
1360 4685 1461 4744 31.

288 4789 301 4798 ’
358 4792 891 4868 ΡιυτΑιιεᾙ.
936 4790 1209 4856 Romul.
1256 4797 1353 4857 15.
1426 4830 1432 4836 -

356 4907 697 4969 vanno
740 4907 873 4968 LL.
915 4905 998 4978 V.
1042 4909 1099 4969 3.

359 5017 634 5081 Ovrn.
676 5015 859 5082 Fast.
899 5016 1026 5080 111.
1074 5037 1210 5102 ¹99·
