4702 6075
2772 422 2833 513 8

1035 673 1388 765 gabantur
1414 720 1437 760 ‚
1490 668 1620 739 sed
1667 678 1897 737 suum·
1929 688 2253 759 quaeque
2301 665 2667 757 privatum
2717 663 3032 733 habebat
3070 659 3128 705 ²⁵
3148 663 3210 759 >t
3307 685 3450 757 quo
3503 663 3795 758 quidem
3844 665 4013 734 satis
4067 668 4551 758 cognoscitur,

1038 835 1272 904 curias
1322 835 1645 904 nondum
1693 853 1909 904 verae
1961 829 2264 902 civitatis
2314 828 2473 919 lege
2498 877 2521 916 ,
2573 825 2706 895 sed
2749 825 3074 917 gentium
3123 824 3424 897 foedere
3447 877 3470 916 ,
3521 826 3822 895 sociatas
3872 823 4116 895 fuisse.

1284 1155 1470 1223 Sunt
1517 1165 1758 1224 autem
1806 1154 1988 1224 duae
2038 1154 2357 1223 rationes
2379 1205 2400 1242 ‚
2494 1150 2689 1221 unde
2740 1152 3046 1223 coniicio
3069 1205 3090 1242 ‚
3182 1152 3574 1223 Consualia
3635 1173 3786 1222 non
3849 1152 4096 1223 habita
4140 1149 4362 1224 fuisse
4409 1152 4555 1223 nisi

1039 1318 1131 1386 ad
1183 1317 1507 1387 concilia
1549 1320 1884 1408 gentium
1910 1317 2492 1408 foederatarum
2541 1317 2992 1385 celebranda.

1286 1641 1518 1731 Igitur
1584 1640 1647 1707 si
1711 1639 1972 1708 harum
2035 1639 2339 1708 alteram
2388 1651 2547 1707 tum
2597 1639 2686 1707 ab
2734 1641 2889 1731 ipso
2937 1639 3231 1709 nominc
3290 1638 3516 1708 Consi
3541 1691 3563 1727 ,
3637 1650 3796 1708 tum
3861 1641 3951 1709 ab
4018 1640 4173 1709 aliis
4240 1642 4559 1710 nomini-

1039 1805 1173 1873 bus
1195 1853 1217 1892 ‚
1274 1802 1510 1869 eidem
1557 1801 1803 1869 inditis
1828 1851 1851 1888 ,
1904 1811 2160 1892 repeto
2178 1851 2202 1889 ‚
2253 1801 2699 1870 monendum
2746 1800 3077 1890 videtur,
3152 1801 3563 1893 ubicunque
3623 1811 3871 1892 gentes
3942 1803 4222 1872 vicinae
4291 1803 4410 1873 vel
4460 1803 4562 1871 ad

1039 1964 1476 2033 dirimendas
1529 1965 2057 2036 controversias
2078 2014 2099 2052 ‚
2155 1963 2275 2036 vel
2326 1963 2421 2029 ad
2468 1985 2588 2030 res
2638 1962 2808 2031 alias
2841 1962 3086 2035 civiles
3120 1964 3526 2032 tractandas
3546 2015 3567 2052 ,
3620 1960 4273 2055 congregarentur,
4329 1966 4561 2034 deum

1039 2127 1399 2219 quendam
1445 2138 1815 2219 tamquam
1861 2137 2248 2217 patronum
2297 2125 2618 2194 foederis
2668 2124 2943 2192 cultum
2988 2124 3208 2193 fuisse
3231 2176 3251 2211 ‚
3348 2125 3474 2215 qui
3531 2123 3745 2193 haud
3803 2148 3982 2193 raro
4035 2126 4207 2193 inde
4266 2149 4566 2215 cogno-

1038 2289 1472 2356 minaretur.
1570 2287 1825 2379 Itaque
1874 2309 2022 2354 non
2074 2296 2182 2354 est
2202 2335 2223 2374 ,
2278 2287 2473 2377 quod
2524 2286 2895 2354 dubitetur
2915 2337 2937 2373 ,
2993 2287 3345 2360 vocabulo
3406 2288 3673 2377 Consi,
3729 2289 3922 2380 quod
3968 2286 4312 2380 Neptuno
4365 2291 4569 2380 apud

1038 2449 1406 2520 Romanos
1456 2450 1735 2518 ind-itur
1781 2462 2179 2541 cognomen
2218 2442 2370 2540 ²⁶),
2446 2448 2741 2531 subesse
2791 2452 3222 2520 consulendi
3268 2452 3678 2540 notionem,
3753 2463 3831 2520 et
3878 2464 4360 2520 communem·
4396 2473 4568 2521 esse

1040 2613 1420 2706 utriusque
1468 2612 1680 2683 verbi
1718 2610 2085 2702 ⁴originem
2131 2633 2215 2679 ac
2264 2611 2605 2679 radicem.
2705 2611 3080 2681 Firmatur
3126 2613 3246 2682 hic
3294 2613 3629 2685 vocabuli
3677 2636 3925 2681 sensus
3976 2637 4062 2682 eo
4080 2664 4103 2703 ‚
4157 2615 4352 2704 quod
4395 2621 4576 2684 sae-2

1036 2776 1198 2866 pius
1252 2773 1652 2863 explicatur
1700 2773 1857 2839 aliis
1906 2771 2231 2840 eiusdem
2278 2774 2685 2862 argumenti
2731 2774 3180 2842 nominjbus:
3283 2775 3420 2843 Est
3484 2775 3679 2843 enim
3745 2776 4026 2843 Consus
4093 2774 4291 2842 idem
4339 2786 4570 2867 atque

1038 2935 1519 3005 consiliarius
1559 2932 1665 3029 ²⁷)
1689 2986 1710 3023 ‚
1765 2934 1947 3003 deus
1975 2934 2270 3003 consilii
2310 2931 2411 3026 ²⁸)
2459 2935 2641 3003 deus
2673 2936 3150 3005 consiliorum
3189 2932 3318 3031 ²⁹).
3363 2970 3366 2975 ·
3434 2936 3673 3005 Simili
3740 2937 3960 3005 modo
3989 2935 4205 3008 Iovis
4267 2956 4569 3031 quoque

1122 3255 1199 3322 25
1222 3266 1251 3332 )
1295 3252 1676 3317 onNYS.
1718 3252 1871 3316 Hal.
1914 3251 2004 3317 11.
2048 3254 2164 3318 65:
2212 3253 2486 3318 «κοινὸν
2532 3254 2702 3340 ἱερὸν
2734 3253 2812 3315 οὗ
2857 3256 3401 3317 κατεσκευάσατο
3433 3255 3835 3337 (Ῥωμύλος)
3878 3265 3995 3330 τῆς
4035 3254 4326 3330 Ἑστίας.

1284 3389 1341 3432 e.
1378 3368 1493 3431 66:
1542 3393 1570 3424 ι
1592 3369 1821 3448 Νομᾶς
1854 3365 1925 3426 δὲ
1954 3400 2039 3418 --
2076 3365 2304 3438 κοινὴν
2344 3367 2814 3440 κατεστήσατο
2856 3363 3132 3432 πάντων
3155 3343 3606 3456 Ι(φρατριεῖῗῖν)
3652 3368 3833 3450 μίαν.

1288 3477 1482 3545 Couf.
1526 3480 2065 3542 PLuvrAncn.
2105 3479 2380 3558 Numa,
2424 3502 2479 3543 c.
2520 3479 2643 3542 XI.
3375 3471 3384 3480 ’

1287 3594 1383 3656 At
1424 3596 1557 3657 sibi
1598 3607 1741 3658 nou
1783 3602 2051 3659 constat
2090 3592 2201 3655 D1
2226 3611 2634 3657 ostxus
2678 3596 2761 3658 de
2805 3596 3209 3658 exstruendo
3253 3593 3497 3658 Vestae
3554 3593 3828 3678 templo.
3912 3591 4070 3660 Alio
4134 3597 4318 3659 enim
4378 3594 4577 3677 loco,‘

1281 3708 1375 3770 11.
1440 3713 1517 3771 23
1540 3749 1565 3788 ,
1629 3716 1904 3787 narrat,
1979 3716 2247 3790 praeter
2306 3707 2736 3791 singularum
2789 3710 3130 3772 curiarum
3191 3704 3380 3773 focos
3441 3709 3580 3772 iam
3640 3705 3920 3773 Romuli
3979 3717 4283 3795 tempore
4342 3730 4572 3777 unum

1283 3818 1491 3885 fuisse
1533 3824 1842 3898 omnium
1878 3823 2220 3886 curIarum
2259 3839 2711 3884 communem.

1120 3981 1250 4067 26)
1293 3981 1393 4044 Lx
1413 3999 1484 4043 v.
1529 3980 1571 4043 l.
1613 4002 1670 4044 c.

1283 4095 1351 4157 D
1376 4114 1402 4158 1
1428 4114 1596 4158 onv
1620 4114 1673 4158 s.
1716 4093 1870 4158 1121.
1910 4095 1964 4158 1.
2007 4087 2108 4160 33.

1287 4210 1342 4274 Ρ
1360 4229 1401 4271 L
1419 4228 1465 4272 u
1486 4228 1534 4271 Τ
1550 4226 1665 4272 AR
1684 4225 1721 4271 c
1742 4227 1813 4272 n.
1858 4208 2132 4275 Romul.
2181 4218 2288 4288 14:
2335 4236 2365 4268 κ
2389 4209 2664 4276 ἵππειον
2693 4213 3012 4274 Ποσειδῶ.
3037 4235 3065 4267 a

1283 4319 1330 4384 S
1351 4340 1394 4383 E
1417 4340 1469 4382 R
1490 4339 1536 4383 v
1556 4340 1584 4383 1
1601 4339 1649 4384 u
1668 4340 1699 4384 s
1747 4322 1835 4385 ad
1876 4320 2068 4405 Virg.
2112 4322 2279 4386 Aen.
2325 4322 2516 4384 VIII.
2559 4324 2711 4387 636:
2762 4351 2791 4381 ι
2818 4323 3086 4387 Consus
3129 4330 3197 4386 et
3238 4341 3441 4407 eques
3481 4322 3846 4407 Neptunus
3890 4324 4153 4389 dicitur.

1125 4487 1251 4565 27)
1296 4481 1354 4545 P
1373 4497 1607 4544 LUTA
1626 4499 1734 4543 Rc
1753 4499 1821 4542 n.
1865 4479 1909 4543 l.
1950 4503 2007 4546 c.
2071 4508 2099 4538 α
2121 4481 2244 4546 τὸν
2284 4482 2444 4547 θεὸν
2486 4485 2762 4550 Κῶνσον
2797 4516 2886 4531 --
2926 4484 2965 4564 β
2983 4504 3017 4543 o
3035 4483 3132 4542 υλ
3150 4492 3346 4545 αῖον
3387 4482 3600 4566 ὄντος
3688 4482 4040 4549 novell-vor
4095 4484 4221 4568 γὰρ
4280 4482 4394 4547 ἔπ’
4443 4496 4579 4550 νῦν

1295 4620 1324 4650 ιι
1345 4593 1426 4655 τὸ
1471 4593 1876 4676 συμβούλων
1914 4595 2217 4655 καλοῦσι.
2250 4619 2278 4651 a

1129 4734 1256 4811 28)
1298 4732 1573 4796 Festus:
1624 4759 1652 4789 α
1678 4731 2048 4798 Consualia
2091 4731 2237 4798 ludi
2277 4737 2713 4818 dicebantur,
2754 4757 2929 4823 quos
2973 4740 3046 4800 in
3085 4737 3419 4802 honorem
3460 4734 3672 4803 Consi
3712 4735 4072 4817 faciebant,
4117 4756 4319 4822 quem
4361 4738 4583 4803 deum

1295 4846 1618 4911 «consilii
1657 4849 2061 4930 putabant.»

1128 4983 1256 5066 29)
1297 4982 1346 5047 S
1369 5002 1410 5046 Β
1430 5002 1546 5047 nv
1565 5002 1592 5051 ι
1611 5001 1657 5047 υ
1684 5001 1713 5047 s
1737 5024 1761 5064 ‚
1805 4981 1849 5047 1.
1891 5003 1949 5046 c.
1997 5010 2026 5042 κ
2051 4982 2320 5051 Consus
2362 4995 2466 5051 est
2508 4989 2673 5055 deus
2716 4988 3179 5055 consiliorum.
3206 5013 3234 5045 ι
