4702 6075
1882 407 1990 493 15

431 652 1021 722 Tumultuariam
1068 652 1188 719 hic
1237 650 1685 718 mentionem
1734 645 1981 713 iniicio
2036 647 2395 736 opinionis
2420 697 2456 735 ,7
2500 669 2680 738 quae
2729 650 3161 716 nostratium
3212 650 3507 741 quidem
3559 676 3705 721 non

174 817 425 908 paucis
475 818 830 907 probatur
853 867 874 902 ,
943 837 1084 906 qua
1131 825 1374 881 tamen
1425 811 1623 879 nulla
1669 832 1989 900 unquam
2036 810 2577 901 pernoscendae
2630 811 3026 878 conditioni
3092 804 3453 879 societatis
3518 816 3711 905 apud

176 988 467 1047 veteres
520 978 747 1048 civilis
798 979 1022 1066 magis
1075 974 1416 1044 obficiens
1467 982 1879 1042 commenta
1932 983 2081 1061 est,
2152 972 2424 1061 nulla,
2471 997 2655 1065 quae
2707 997 2750 1038 a
2798 973 3106 1044 veritate
3156 973 3501 1042 historica
3549 1000 3713 1044 ma-

174 1141 276 1228 gis
332 1143 749 1210 abhorreat.
852 1140 1123 1207 Putant
1172 1149 1455 1225 autem,
1529 1136 1787 1227 quibus
1840 1159 1927 1203 ea
1978 1137 2221 1227 opinio
2273 1137 2593 1225 arridet,
2671 1137 3180 1205 Romanorum
3230 1140 3465 1206 curias
3517 1141 3712 1206 anti-
3793 1140 3800 1149 “

177 1304 422 1393 quitus
493 1304 829 1394 patricias
898 1303 1116 1371 modo
1183 1310 1430 1391 gentes
1498 1301 1981 1387 continuisse,
2074 1298 2288 1390 plebe
2359 1301 2669 1368 exclusa.
2825 1301 2976 1389 Qui
3037 1325 3214 1372 vero
3287 1326 3407 1369 eos
3459 1303 3715 1392 fugere

76 1468 81 1479 ¹
172 1476 464 1558 potest,
516 1465 875 1555 phratrias
925 1464 1080 1534 sive
1132 1463 1366 1529 curias
1418 1461 1509 1526 ad
1557 1462 2020 1528 matrimonia
2068 1461 2193 1528 illa
2240 1464 2563 1533 violenta
2611 1465 2994 1555 perspicue
3046 1461 3370 1531 referri?
3431 1465 3716 1533 Narra-

175 1639 299 1696 tur
358 1630 555 1695 enim
582 1679 603 1715 ,
659 1629 831 1696 licet
878 1628 1240 1719 mythice,
1295 1625 1417 1696 vel
1465 1635 1573 1692 tot
1620 1625 1838 1693 modo
1884 1625 2205 1714 virgines
2256 1636 2498 1716 raptas
2549 1650 2746 1713 esse,
2802 1639 2978 1718 quot
3027 1638 3265 1696 essent
3315 1629 3558 1695 curiae
3602 1625 3718 1721 ⁵⁹),

175 1790 295 1862 vel
348 1790 599 1881 plures
653 1791 947 1882 quidem
996 1792 1074 1857 in
1124 1789 1631 1856 Romanorum
1695 1800 2128 1879 potestatem
2190 1791 2472 1860 venisse
2494 1841 2515 1878 ,
2621 1791 2919 1880 triginta
2989 1814 3168 1861 vero
3242 1815 3398 1858 esse
3468 1791 3717 1878 lectas,

184 1952 384 2019 unde
438 1955 738 2020 nomina
788 1952 1005 2019 curiis
1056 1952 1408 2019 darentur
1448 1944 1561 2042 ⁶⁰).
1616 1949 1714 2019 At
1762 1974 1968 2038 vero,
2024 1951 2225 2017 cuius
2277 1952 2389 2018 rei
2439 1952 2628 2017 ratio
2677 1951 3008 2019 habenda
3060 1963 3193 2037 est,
3252 1956 3375 2042 qui
3428 1952 3726 2020 Sabinas

180 2118 259 2183 in
288 2116 838 2183 matrimonium
875 2124 1303 2206 rapuerunt,
1341 2135 1666 2205 quosque
1704 2112 1924 2179 curiis
1960 2112 2359 2204 adscriptos
2395 2111 2619 2180 fuisse
2661 2113 2985 2203 adparet,
3039 2112 3373 2181 homines
3413 2115 3722 2183 obscuro

178 2280 345 2361 loco
396 2282 551 2347 nati
602 2279 825 2346 fuisse
877 2279 1218 2363 feruntur
1259 2271 1312 2317 ⁶¹
1338 2276 1387 2370 ).
1539 2276 2008 2367 Quapropter
2073 2276 2227 2343 sine
2277 2275 2435 2343 ullo
2488 2275 2710 2343 dubio
2766 2297 3013 2343 omnes
3068 2276 3362 2342 omnino
3412 2299 3722 2345 nascen-

176 2443 271 2509 tis
323 2444 773 2535 reipublicae
823 2446 1015 2513 cives
1066 2444 1284 2510 curiis
1337 2440 1805 2532 complector.
1904 2439 2057 2508 Sed
2105 2440 2316 2508 mitto
2365 2440 2486 2507 hic
2534 2440 2905 2529 spinosum
2952 2438 3145 2505 istud
3190 2451 3719 2529 argumentum,

175 2629 486 2696 sperans
514 2656 535 2693 ,
587 2605 789 2693 sore,
854 2616 937 2674 ut
986 2605 1385 2673 accuratius
1437 2604 1589 2670 eius
1637 2602 1998 2671 tractandi
2050 2604 2328 2670 occasio
2380 2626 2555 2671 mox
2604 2604 2747 2671 alio
2800 2603 2963 2671 loco
3015 2603 3196 2669 mihi
3250 2602 3623 2671 offeratur.

264 2928 397 3009 59)
444 2925 618 2988 Ibid.
672 2952 698 2983 α
729 2924 1097 3010 τριάκοντα
1142 2924 1347 3007 μόνας
1391 2924 1804 3006 παρθένουςς
1844 2955 1929 2971 --
1969 2956 2051 2968 -—
2094 2923 2532 3004 ἁρπασθῆναι
2573 2920 2641 2981 δὲ
2684 2956 2767 2968 -
2808 2918 3178 3004 τριάκοντα
3220 2918 3445 3000 μόνας.
3473 2946 3500 2975 ιο
3547 2942 3552 2947 ·

261 3042 395 3121 60)
439 3042 633 3103 L1v.
676 3040 731 3102 1.
776 3045 877 3103 13.

431 3153 821 3217 D10NYS.
864 3153 955 3216 11.
997 3163 1099 3236 47.

414 3268 1131 3332 ‚PLUTAch1.a

268 3383 345 3445 61
366 3387 399 3455 )
443 3381 497 3445 P
516 3400 558 3442 1.
579 3401 626 3444 U
647 3401 695 3444 'r
716 3398 765 3444 A
790 3401 840 3443 R
863 3398 899 3442 c
918 3401 967 3442 11
1011 3379 1054 3443 1.
1100 3401 1154 3442 c.
1204 3406 1231 3438 α
1259 3380 1522 3463 μιγάδες
1568 3380 1633 3452 ἐξ
1674 3379 1938 3454 ἀπόρων
1982 3381 2097 3441 καὶ
2140 3382 2435 3468 ἀφανῶν.
2464 3407 2491 3437 1·

907 4952 1357 5024 'I'Yr1s
1504 4950 2991 5020 Kurrnnnnne1anls.
