4702 6075
171 1811 309 1939 N
312 1827 763 1942 arrationum
813 1872 903 1942 de
950 1864 1295 1953 institutis
1345 1872 1819 1965 antiquissimi
1871 1871 2033 1942 aevi
2082 1880 2233 1938 tam
2282 1869 2611 1942 civilibus
2636 1921 2659 1958 ,
2712 1890 2929 1963 quam
2977 1868 3331 1959 religiosis
3353 1919 3374 1956 ‚
3451 1868 3712 1939 admo-

158 2035 355 2104 dum
418 2055 686 2126 paucae
749 2036 1220 2126 'reperiuntur
1262 2085 1285 2123 ,
1409 2055 1593 2126 quae
1629 2083 1651 2120 ‚
1772 2038 1998 2139 quum
2070 2030 2267 2100 haud
2337 2022 2559 2100 dubie
2623 2032 2955 2102 historici
3023 2033 3198 2124 quid
3265 2032 3706 2119 contineant,

169 2199 415 2290 specie
459 2208 614 2266 tam
662 2197 980 2290 mythica
1024 2196 1320 2265 indutae
1368 2197 1551 2284 sint,
1650 2216 1865 2286 quam
1915 2214 2100 2287 quae
2164 2194 2256 2263 de
2306 2194 2814 2266 Romanorum
2862 2192 3341 2263 Consualibus
3365 2243 3387 2280 ,
3477 2193 3714 2285 deque

176 2358 619 2429 Sabinorum
666 2359 803 2429 hac
850 2348 1226 2428 occasione
1267 2357 1554 2426 filiabus
1594 2356 1819 2449 raptis
1837 2407 1858 2444 ‚
1912 2357 2327 2428 traduntur.
2432 2358 2649 2427 Hanc
2690 2316 2854 2428 rem
2886 2359 3266 2428 obscuram
3286 2407 3309 2445 ,
3361 2357 3716 2449 varioque

172 2522 406 2591 modo
453 2522 899 2591 immutatam
920 2573 943 2608 ,
1026 2522 1104 2588 in
1155 2509 1651 2613 quaestionem
1696 2541 1963 2592 vocare
2014 2544 2102 2591 eo
2152 2521 2454 2589 maioris
2504 2522 2860 2591 momenti
2906 2520 3238 2609 videtur,
3332 2542 3476 2612 quo
3525 2541 3702 2610 gra—

174 2684 376 2755 viori
428 2706 680 2752 errore
729 2685 1096 2752 ducuntur
1142 2684 1574 2752 nostratium
1619 2683 1729 2751 illi
1760 2734 1780 2771 ,
1836 2682 1963 2775 qui
2011 2683 2588 2752 commenticiam
2640 2706 2800 2752 eam
2849 2692 3183 2769 censent,
3238 2704 3531 2773 quoque
3564 2701 3717 2749 ma—

174 2847 288 2936 gis
336 2845 841 2914 desiderantur
877 2846 1315 2933 testimonia,
1370 2845 1657 2937 quibus,
1715 2868 1899 2936 quae
1943 2846 2322 2936 utriusque
2358 2844 2795 2912 narrationis
2832 2865 3035 2912 mens
3074 2844 3194 2929 sit,
3250 2844 3705 2934 explanetur.

177 3006 448 3098 Neque
499 3007 692 3075 enim
740 3006 974 3074 adhuc
1021 3004 1326 3074 fuerunt
1344 3053 1367 3091 ,
1443 3004 1639 3096 quod
1687 3006 1909 3074 sciam
1931 3055 1955 3093 ‚
2025 3005 2417 3097 scriptores
2436 3057 2457 3094 ‚
2536 3005 2662 3098 qui
2706 3004 2908 3073 illam
2954 3005 3032 3073 in
3082 3005 3472 3074 tractandis
3524 3007 3720 3073 anti-

176 3169 578 3261 quitatibus
627 3167 972 3237 Romanis
1022 3169 1124 3235 ita
1166 3151 1626 3274 'exponerent
1648 3217 1669 3253 ,
1738 3176 1823 3233 ut
1844 3217 1867 3256 ,
1933 3177 2285 3257 quatenus
2354 3164 2585 3234 altera
2646 3166 2968 3233 narratio
3019 3164 3111 3232 ad
3159 3165 3466 3234 alteram
3514 3165 3722 3234 rese-

178 3330 419 3399 renda
463 3331 593 3418 sit,
677 3330 1158 3419 intelligatur,
1249 3340 1323 3396 et
1369 3329 1448 3396 in
1495 3329 1919 3400 universum
1968 3327 2511 3395 demonstretur
2532 3296 2587 3415 ,'
2651 3349 2793 3420 qua
2862 3328 3144 3395 ratione
3215 3328 3714 3397 remotissimis

172 3494 634 3585 temporibus
683 3493 878 3561 inter
926 3492 1221 3562 &adiero
1270 3491 1613 3560 solennia
1635 3543 1657 3578 ‚
1750 3501 1822 3558 et
1886 3488 2261 3560 connubia
2325 3490 2741 3559 alterarum
2799 3491 3138 3583 gentium
3210 3512 3379 3560 eum
3428 3490 3714 3576 alteris,

180 3658 623 3727 arctissima
673 3657 1097 3727 coniunctio
1149 3654 1662 3726 intercesserit.

433 3978 672 4069 Atque
723 3977 1114 4045 certamina
1161 3976 1381 4044 modo
1436 3974 1625 4042 dicta
1646 4026 1666 4062 ‚
1764 3997 1945 4065 quae
2009 3977 2403 4044 maximam
2465 3986 2745 4066 partem
2819 3974 3190 4066 equestria
3238 3974 3448 4045 fuere
3472 4028 3498 4080 ⁹„
3570 3999 3719 4047 non

178 4140 431 4209 solum
480 4139 574 4206 de
624 4137 927 4205 Graecis
946 4188 968 4225 ‚
1022 4138 1153 4207 sed
1200 4138 1292 4205 de
1340 4136 1619 4228 Libyae
1673 4158 1959 4227 quoque
2008 4138 2343 4226 gentibus
2368 4186 2389 4224 ,
2442 4148 2990 4226 memorantur3
3061 4137 3236 4228 quin
3284 4139 3434 4205 imo
3485 4137 3722 4229 Libya

174 4304 489 4371 illorum
546 4302 785 4392 patria
851 4300 1280 4391 perhibetur
1303 4349 1326 4387 ,
1423 4298 1618 4366 unde
1693 4297 2157 4389 quadriiugos
2229 4322 2458 4392 equos
2525 4300 2872 4390 iungendi
2916 4297 2989 4391 ²·)
3014 4348 3038 4386 ‚
3159 4301 3390 4392 iisque
3453 4299 3530 4367 in
3594 4299 3722 4366 lu-

176 4465 295 4532 dis
352 4461 769 4532 solennibus
836 4461 1088 4531 utendi
1123 4471 1370 4535 ‚artem
1417 4458 1688 4528 Graeci
1753 4461 2183 4551 acceperint.
2310 4462 2741 4529 Pecuariam
2829 4461 3029 4529 enim
3102 4461 3327 4534 vitam
3377 4461 3720 4550 degentes

172 4624 385 4699 illius
434 4622 746 4712 regionis
792 4622 1116 4711 incolae,
1204 4619 1424 4712 primi
1472 4618 1695 4689 fuisse
1746 4618 2131 4708 dicuutur,
2224 4622 2347 4716 qui
2400 4644 2622 4715 equos
2693 4621 2978 4692 alerent
3027 4645 3110 4691 ac
3164 4623 3548 4693 domarent
3590 4618 3618 4662 ²
3646 4619 3721 4713 );

319 4942 921 5042 12Hnnon0017.
964 4938 1085 5003 IV.
1133 4939 1270 5021 189.

201 5050 213 5059 ⁸
319 5060 404 5133 ε)
440 5057 547 5119 ld.
586 5056 681 5118 11.
726 5058 825 5119 50.
