4702 6075
134 2398 659 2532 Narrationis
684 2511 707 2551 ,
798 2461 892 2530 de
941 2480 1086 2554 qua
1134 2460 1515 2532 disseritur
1537 2510 1560 2551 ,
1632 2471 1876 2553 partes
1920 2457 2026 2556 ²⁴)
2099 2460 2163 2530 si
2208 2471 2368 2533 tum
2415 2459 2817 2528 accuratius
2869 2460 3371 2533 examinantur
3396 2512 3416 2549 ‚
3509 2471 3667 2532 tum

130 2624 333 2691 inter
382 2646 542 2692 sese
566 2676 587 2712 ,
641 2634 856 2717 atque
905 2645 1072 2693 cum
1119 2624 1473 2694 similibus
1525 2623 1985 2696 Graecorum
2004 2676 2027 2715 ,
2085 2638 2637 2718 comparantur,
2710 2623 2907 2695 haud
2969 2622 3265 2697 difficile
3313 2625 3667 2716 intelligi·-

134 2797 258 2852 tur
279 2835 303 2873 ‚
356 2785 843 2875 spectaculum
894 2787 1090 2855 istud
1136 2810 1291 2855 non
1337 2788 1458 2856 sui
1509 2787 1750 2879 ipsius
1801 2812 2035 2857 causa
2050 2839 2073 2878 ,
2153 2791 2292 2860 sed
2348 2790 2460 2861 ad
2502 2788 2984 2860 celebrandos
3020 2788 3356 2881 gentium
3382 2787 3666 2878 foede-

133 2958 484 3016 ratarum
548 2958 985 3036 conventus,
1066 2949 1477 3019 institutum
1540 2946 1797 3019 fuisse:
1909 2951 2102 3021 unde
2172 2954 2416 3022 omnia
2483 2952 2779 3022 omnino
2846 2951 3203 3023 eiusmodi
3268 2949 3667 3021 certamina

133 3120 303 3176 orta
348 3118 556 3199 sunt,
659 3132 842 3202 quae
904 3109 1255 3201 temporis
1315 3130 1742 3199 progressu,
1849 3083 2072 3203 quum
2133 3115 2458 3203 gentium
2514 3114 2594 3180 in
2644 3114 3117 3184 conventibus
3165 3113 3309 3181 illis
3361 3112 3664 3182 consilia

88 3253 92 3258 ’
130 3272 546 3339 communia
591 3272 815 3363 magis
865 3273 1231 3364 magisque
1281 3272 1853 3363 obsolescerent,
1930 3274 2088 3343 sola
2134 3284 2686 3365 remanserunt3
2753 3275 2884 3380 ita·
2916 3285 2998 3343 ut
3017 3325 3040 3363 ,
3096 3276 3293 3367 quod
3337 3277 3660 3367 primum

119 3453 254 3522 per
327 3432 566 3501 lusum
587 3483 610 3522 ,
723 3443 800 3501 et
868 3433 1238 3501 occasione
1308 3433 1515 3523 data,
1633 3433 1905 3503 factum
1956 3447 2143 3506 esset
2163 3486 2186 3525 ,
2307 3437 2602 3506 tandem
2668 3437 2834 3506 data
2923 3459 3149 3530 opera
3236 3447 3309 3506 et
3357 3438 3656 3530 proprie

120 3595 655 3668 institueretur.
756 3595 894 3664 Est
952 3595 1149 3665 enim
1208 3606 1417 3667 certo
1480 3596 1744 3667 certius
1763 3648 1786 3686 ,
1858 3608 2107 3688 gentes
2174 3595 2515 3668 finitimas
2538 3649 2561 3687 ,
2642 3600 3064 3694 priusquam
3112 3601 3412 3669 arctiori
3465 3601 3656 3668 iuris

123 3758 410 3827 civium
454 3756 749 3827 vinculo
796 3767 1262 3846 tenerentur,
1314 3756 1586 3849 ubique
1637 3759 1888 3828 latiori
1948 3760 2140 3828 iuris
2179 3761 2518 3851 gentium
2582 3762 2859 3830 iunctas
2924 3759 3170 3829 fuisse.
3273 3759 3383 3828 Ut
3426 3759 3654 3829 Athe-

115 3919 486 3987 niensium
508 3968 531 4006 ,
609 3919 1062 4012 aliorumque
1116 3918 1473 3988 Graeciae
1523 3920 1965 4011 populorum
2014 3933 2278 3990 statum
2330 3923 2617 3995 civilem
2666 3923 2889 4013 primi
2936 3923 3306 4014 temporis*
3335 3922 3645 4008 mittam,

118 4081 210 4147 de
272 4078 641 4148 Romanae
692 4091 965 4147 tantum
1017 4080 1459 4172 reipublicae
1509 4038 1944 4173 primordiis·
1978 4084 2120 4152 hoc
2171 4081 2400 4152 affero
2421 4134 2444 4172 ‚
2536 4083 2773 4175 quod,
2848 4084 3023 4152 dum
3072 4084 3224 4151 eius
3274 4081 3516 4150 forma
3563 4105 3650 4151 ea

117 4241 541 4330 obtinebat,
596 4262 814 4333 quam
866 4237 1165 4310 Romuli
1210 4244 1507 4312 nomine
1556 4243 1970 4336 designant,
2028 4246 2272 4313 curiae
2320 4245 2647 4314 nondum
2693 4245 2862 4315 foco
2912 4245 3280 4315 communi
3329 4266 3645 4336 congre-

143 4560 327 4637 ⁶24)
370 4559 558 4624 L1v.
598 4560 654 4623 Ι.
698 4580 754 4643 9.

364 4671 748 4736 mevs.
790 4670 943 4736 Hal.
987 4672 1041 4735 1.
1085 4677 1183 4738 33.
1227 4675 1318 4738 II.
1363 4681 1464 4740 31.

296 4785 305 4790 ’
360 4786 894 4864 ΡιυτΑιιεᾙ.
939 4785 1212 4852 Romul.
1259 4794 1356 4853 15.
1429 4827 1436 4833 -

358 4901 699 4964 vanno
743 4902 876 4963 LL.
917 4901 1001 4976 Y.
1044 4905 1102 4965 3.

361 5011 636 5076 Ovrn.
678 5010 861 5077 Fast.
901 5011 1027 5076 111.
1076 5033 1211 5098 ¹99·
