4702 6075
2625 406 2737 489 12

916 633 1069 679 non
1117 631 1410 701 possum
1434 660 1454 696 ,
1552 610 1728 702 quin
1799 629 2131 678 censeam
2156 658 2175 697 ,
2271 609 2683 701 puellarum
2749 620 2990 701 patres
3052 608 3486 701 plerumque
3556 608 3914 678 eiusmodi
3976 611 4458 681 matrimoniis

920 775 1336 844 adversatos
1391 795 1543 841 esse
1568 823 1590 861 ,
1681 785 2076 865 propterea
2127 773 2321 864 quod
2370 776 2575 864 proci
2622 795 2770 843 non
2821 774 3146 843 eiusdem
3192 775 3424 865 gentis
3478 785 3755 864 essent,
3846 785 4060 866 atque
4108 773 4236 841 has
4286 775 4454 843 lites

922 938 1115 1005 inter
1186 948 1535 1029 utrosque
1602 960 2000 1029 procorum
2069 937 2621 1028 puellarumque
2695 947 2937 1028 patres
3014 939 3406 1006 maximam
3482 947 3768 1029 partem
3829 939 3907 1005 in
3977 938 4457 1008 conventibus

917 1103 1241 1191 gentium
1290 1102 1704 1170 memoratis
1730 1153 1751 1188 ,
1807 1102 1868 1169 si
1916 1102 2122 1192 proci
2173 1102 2250 1168 in
2300 1103 2698 1170 certamine
2749 1103 3068 1193 equestri
3114 1102 3430 1172 victores
3485 1102 3918 1186 evasissent,
3967 1098 4448 1191 compositas,

915 1286 1320 1356 procosque
1384 1265 1462 1332 in
1510 1286 1934 1332 socerorum
1996 1265 2301 1354 gratiam
2353 1263 2696 1331 adductos
2746 1286 2932 1331 esse:
3035 1263 3283 1354 quales
3351 1263 3628 1330 idcirco
3689 1264 4231 1332 controversiae
4297 1284 4456 1329 non

917 1428 997 1493 in
1047 1427 1449 1495 rarioribus
1496 1424 1720 1493 fuisse
1770 1426 2114 1496 videntur
2137 1477 2158 1514 ,
2214 1426 2308 1493 ad
2361 1448 2531 1518 quas
2583 1426 3024 1495 dirimendas
3075 1427 3381 1495 concilia
3425 1426 3672 1494 habita
3718 1427 3881 1492 sint.

1163 1743 1578 1811 Admodum
1631 1742 1846 1832 digna
1898 1752 2048 1830 est,
2104 1742 2305 1810 cuius
2354 1742 2475 1809 hic
2525 1744 2799 1811 mentio
2848 1742 3009 1831 fiat,
3078 1743 3415 1834 Dionysii
3461 1743 3785 1810 narratio
3828 1738 3917 1835 ⁴⁰)
3946 1793 3965 1831 ,
4025 1742 4443 1829 Consualia,

916 1924 1101 1993 quae
1154 1902 1771 1995 Amphictionum
1823 1904 2283 1973 Latinorum
2353 1916 2751 1975 conventus
2815 1906 3284 2000 interpretari
3345 1903 3453 1974 fas
3504 1915 3612 1975 est
3633 1957 3654 1994 ,
3743 1907 4110 1996 virginum
4157 1908 4445 1998 rapien-

920 2066 1179 2133 darum
1228 2089 1439 2134 causa
1486 2067 1813 2135 instituta
1862 2066 2101 2134 fuisse.

1116 2346 1273 2462 ‘Ita
1342 2394 1617 2463 sactum
1685 2403 1794 2461 est
1859 2396 2119 2485 procul
2191 2396 2410 2464 dubio
2439 2447 2459 2482 ,
2552 2407 2636 2464 ut
2704 2420 2881 2469 aevo
2951 2399 3271 2489 mythico
3343 2398 3634 2485 aurigae
3699 2394 4012 2466 victores
4078 2416 4227 2463 una
4276 2418 4446 2463 cum

912 2556 1168 2649 puellis
1227 2556 1497 2647 pulcris
1548 2569 2093 2645 memorentur,
2166 2559 2310 2643 ita,
2386 2567 2469 2624 ut
2541 2558 2813 2626 alterae
2880 2561 3128 2627 alteris
3195 2571 3560 2650 tamquam
3608 2559 3935 2649 praemia
3982 2558 4450 2629 abducendae

915 2719 1300 2785 tradantur
1344 2716 1473 2807 l¹¹).
1568 2717 1834 2809 Neque
1886 2718 2102 2784 aliter
2149 2717 2505 2785 illustrari
2550 2731 2794 2809 potest
2840 2722 3043 2789 notio
3094 2722 3394 2811 virginis
3444 2704 3801 2811 mythicae
3826 2772 3848 2807 ,
3906 2743 4087 2813 quae
4135 2698 4447 2788 Athena

916 2882 1273 2970 equestris
1320 2890 1626 2951 vocatur
1665 2876 1813 2972 ¹¹²),
1896 2880 2294 2971 cuiusque,
2393 2890 2479 2946 ut
2542 2880 3088 2967 vehiculorum,
3180 2880 3417 2971 patria
3473 2880 3716 2948 fertur
3764 2880 3998 2972 Libya
4047 2879 4269 2948 fuisse
4311 2878 4367 2921 ⁴³
4393 2881 4446 2974 ).

912 3006 1174 3134 Neque
1226 3045 1422 3111 enim
1473 3046 1626 3134 ipsa
1676 3066 1976 3112 currum
2023 3066 2391 3136 equosque
2439 3065 2698 3133 regens
2751 3042 2997 3133 effingi
3050 3044 3309 3131 debet,
3367 3066 3796 3136 quamquam
3847 3046 4104 3135 po‘e'tae
4156 3068 4236 3112 ac
4285 3068 4446 3136 my·-

908 3203 1296 3293 thographi
1343 3203 1527 3272 salso
1580 3228 1739 3272 eam
1789 3207 1889 3272 ita
1936 3180 2557 3297 interpretantur,
2657 3206 2806 3271 imo
2875 3205 3352 3275 inventricem
3404 3206 3911 3296 quadrigarum
3970 3229 4128 3274 eam
4179 3207 4448 3298 perhi—

909 3365 1090 3432 bent
1126 3356 1277 3457 ⁴²¹);
1332 3359 1460 3428 sed
1507 3360 1742 3449 imago
1793 3368 1903 3425 est
1949 3359 2295 3448 virginis,
2349 3383 2536 3451 quae
2587 3362 2876 3453 aurigae
2926 3369 3192 3436 victori
3239 3391 3501 3459 sponsa
3552 3370 3868 3460 contigit.
3989 3369 4169 3438 Inde
4221 3369 4441 3437 colli-

986 3724 1124 3802 40)
1170 3718 1244 3780 L.
1285 3715 1377 3779 11.
1420 3737 1475 3779 c·
1521 3720 1618 3780 30.

993 3867 1126 3946 41)
1166 3865 1520 3928 HOMER.
1563 3863 1644 3924 Il.
1681 3862 1949 3940 ΧΧΙΙΙ.
1996 3863 2133 3928 262.
2181 3865 2332 3927 263:

1243 4006 1270 4036 ι
1297 3980 1637 4040 Ἱππεῦσιν
1682 3978 1796 4058 μὲν
1839 3981 2074 4062 πρῶτα
2114 3979 2482 4043 ποδώκεσιν
2524 3981 2718 4062 ἀγλά’
2763 3982 2979 4045 ἄεθλα

1241 4093 1501 4166 «Θῆκε,
1546 4103 1917 4173 γυναῖκα
1972 4093 2355 4174 ἄγεσθαι
2394 4122 2476 4140 ...
2515 4095 2615 4154 --‘.

993 4236 1125 4316 42)
1172 4232 1227 4296 P
1246 4252 1271 4295 1
1290 4251 1342 4294 N
1361 4250 1406 4292 D
1428 4249 1472 4292 A
1490 4251 1563 4292 n.
1608 4228 1883 4314 Olymp.
1926 4230 2120 4293 XIII.
2169 4237 2304 4296 115.

1158 4344 1409 4406 HARP
1431 4362 1472 4404 o
1493 4361 1529 4404 c
1549 4361 1623 4405 R.
1665 4352 1733 4405 et
1774 4339 2077 4426 Etymol.
2120 4365 2188 4408 v.
2232 4345 2440 4404 ἱππέα
2483 4349 2758 4419 Ἀθηνᾶ.

991 4487 1116 4562 43)
1158 4481 1386 4547 Schol.
1429 4482 1830 4545 PINDAR.
1873 4482 2052 4544 Pith.
2095 4481 2213 4544 IV.
2260 4486 2406 4545 init.
2456 4510 2483 4539 ι
2509 4483 2631 4556 τὴν
2673 4481 2953 4546 ἱππείαν
2995 4486 3294 4555 Ἀθηνᾶν
3338 4487 3406 4550 ἐν
3446 4487 3649 4567 Λιβύῃ
3694 4486 4007 4567 γενέσθαι
4050 4488 4244 4574 φασί.
4270 4513 4296 4543 »

992 4620 1117 4696 44)
1163 4618 1346 4681 C1c.
1389 4626 1528 4680 nat.
1571 4619 1753 4680 deor.
1796 4614 1923 4678 111.
1969 4622 2063 4681 23.

1156 4732 1221 4794 H
1242 4751 1284 4792 ε
1308 4753 1338 4793 s
1367 4751 1407 4793 γ
1437 4750 1561 4792 cn.
1604 4752 1670 4794 v.
1712 4731 2065 4815 Βαρκαίοις
2108 4731 2291 4814 ὄχοις

1155 4845 1279 4908 HA
1300 4865 1347 4907 R
1370 4865 1409 4906 Ρ
1428 4865 1470 4907 o
1494 4863 1528 4905 c
1548 4864 1619 4907 R.
1663 4853 1731 4906 ct
1771 4842 2072 4926 Etymol.
2117 4843 2159 4906 l.
2204 4864 2259 4907 c.

1157 4957 1270 5031 ST
1292 4977 1331 5019 ε
1350 4977 1390 5018 P
1413 4977 1485 5020 n.
1525 4957 1580 5020 B
1603 4976 1644 5019 x·
1668 4977 1725 5019 z.
1768 4979 1834 5020 v.
1878 4955 2115 5040 Βάρκη.
